@article{xia2011ensemble,
  title={Ensemble of feature sets and classification algorithms for sentiment classification},
  author={Xia, Rui and Zong, Chengqing and Li, Shoushan},
  journal={Information Sciences},
  volume={181},
  number={6},
  pages={1138--1152},
  year={2011},
  publisher={Elsevier}
}
@inproceedings{yang2016hierarchical,
  title={Hierarchical attention networks for document classification},
  author={Yang, Zichao and Yang, Diyi and Dyer, Chris and He, Xiaodong and Smola, Alex and Hovy, Eduard},
  booktitle={Proceedings of the 2016 Conference of the North American Chapter of the Association for Computational Linguistics: Human Language Technologies},
  pages={1480--1489},
  year={2016}
}
@article{Medhat2014ensemble,
  title={Sentiment analysis algorithms and applications: a survey},
  author={Medhat,Walaa  and Hassan, Ahmed and Korashy, Hoda},
  journal={Ain Shams Engineering Journal},
  volume={5},
  number={4},
  pages={1093-1113},
  year={2014},
  publisher={Elsevier}
}
@article{Cata2017ensemble,
  title={A sentiment classification model based on multiple classifiers},
  author={Cata, Cagatayl and Nangir, Mehmet},
  journal={Applied Soft Computing},
  volume={5},
  pages={135-141},
  year={2017},
  publisher={Elsevier}
}
@article{Chalothom2015ensemble,
  title={Simple approaches of sentiment analysis via ensemble learning},
  author={Chalothom, Tawunrat and Ellman, Jeremy },
  journal={Information Science and Applications},
  volume={339},
  pages={631-639},
  year={2015},
  publisher={Springer}
}
@inproceedings{kibriya2004multinomial,
  title={Multinomial naive bayes for text categorization revisited},
  author={Kibriya, Ashraf M and Frank, Eibe and Pfahringer, Bernhard and Holmes, Geoffrey},
  booktitle={Australasian Joint Conference on Artificial Intelligence},
  pages={488--499},
  year={2004},
  organization={Springer}
}
@article{xue2008comment,
  title={Comment on “On discriminative vs. generative classifiers: A comparison of logistic regression and naive Bayes”},
  author={Xue, Jing-Hao and Titterington, D Michael},
  journal={Neural processing letters},
  volume={28},
  number={3},
  pages={169},
  year={2008},
  publisher={Springer}
}

@misc{apte2001method,
  title={Method for improvement accuracy of decision tree based text categorization},
  author={Apte, Chidanand and Damerau, Frederick J and Weiss, Sholom M},
  year={2001},
  month=jun # "~26",
  publisher={Google Patents},
  note={US Patent 6,253,169}
}

@inproceedings{joachims1998text,
  title={Text categorization with support vector machines: Learning with many relevant features},
  author={Joachims, Thorsten},
  booktitle={European conference on machine learning},
  pages={137--142},
  year={1998},
  organization={Springer}
}

@article{myles2004introduction,
  title={An introduction to decision tree modeling},
  author={Myles, Anthony J and Feudale, Robert N and Liu, Yang and Woody, Nathaniel A and Brown, Steven D},
  journal={Journal of Chemometrics: A Journal of the Chemometrics Society},
  volume={18},
  number={6},
  pages={275--285},
  year={2004},
  publisher={Wiley Online Library}
}

@article{murthy1998automatic,
  title={Automatic construction of decision trees from data: A multi-disciplinary survey},
  author={Murthy, Sreerama K},
  journal={Data mining and knowledge discovery},
  volume={2},
  number={4},
  pages={345--389},
  year={1998},
  publisher={Springer}
}

@book{breiman2017classification,
  title={Classification and regression trees},
  author={Breiman, Leo},
  year={2017},
  publisher={Routledge}
}

@article{smola2004tutorial,
  title={A tutorial on support vector regression},
  author={Smola, Alex J and Sch{\"o}lkopf, Bernhard},
  journal={Statistics and computing},
  volume={14},
  number={3},
  pages={199--222},
  year={2004},
  publisher={Springer}
}

@book{vapnik2013nature,
  title={The nature of statistical learning theory},
  author={Vapnik, Vladimir},
  year={2013},
  publisher={Springer science \& business media}
}

@inproceedings{joachims1998text,
  title={Text categorization with support vector machines: Learning with many relevant features},
  author={Joachims, Thorsten},
  booktitle={European conference on machine learning},
  pages={137--142},
  year={1998},
  organization={Springer}
}
@inproceedings{maas2011learning,
  title={Learning word vectors for sentiment analysis},
  author={Maas, Andrew L and Daly, Raymond E and Pham, Peter T and Huang, Dan and Ng, Andrew Y and Potts, Christopher},
  booktitle={Proceedings of the 49th annual meeting of the association for computational linguistics: Human language technologies-volume 1},
  pages={142--150},
  year={2011},
  organization={Association for Computational Linguistics}
}
@book{NLTK,
  title={Natural language processing with Python: analyzing text with the natural language toolkit},
  author={Bird, Steven and Klein, Ewan and Loper, Edward},
  year={2009},
  publisher={" O'Reilly Media, Inc."}
}




@inproceedings{wang2012baselines,
  title={Baselines and bigrams: Simple, good sentiment and topic classification},
  author={Wang, Sida and Manning, Christopher D},
  booktitle={Proceedings of the 50th Annual Meeting of the Association for Computational Linguistics: Short Papers-Volume 2},
  pages={90--94},
  year={2012},
  organization={Association for Computational Linguistics}
}

@inproceedings{pang2002thumbs,
  title={Thumbs up?: sentiment classification using machine learning techniques},
  author={Pang, Bo and Lee, Lillian and Vaithyanathan, Shivakumar},
  booktitle={Proceedings of the ACL-02 conference on Empirical methods in natural language processing-Volume 10},
  pages={79--86},
  year={2002},
  organization={Association for Computational Linguistics}
}

@article{mikolov2013exploiting,
  title={Exploiting similarities among languages for machine translation},
  author={Mikolov, Tomas and Le, Quoc V and Sutskever, Ilya},
  journal={arXiv preprint arXiv:1309.4168},
  year={2013}
}
@article{al2017automatic,
  title={An automatic contextual analysis and clustering classifiers ensemble approach to sentiment analysis},
  author={AL-Sharuee, Murtadha Talib and Liu, Fei and Pratama, Mahardhika},
  journal={arXiv preprint arXiv:1705.10130},
  year={2017}
}
@article{bergstra2012random,
  title={Random search for hyper-parameter optimization},
  author={Bergstra, James and Bengio, Yoshua},
  journal={Journal of Machine Learning Research},
  volume={13},
  number={Feb},
  pages={281--305},
  year={2012}
}



